@misc{pgntags,
  author="Wikipedia",
  title="Portable Game Notation",
  year="2012",
  howpublished="\url{http://en.wikipedia.org/wiki/Portable_Game_Notation}"
}

